@misc{bib:logomarca,
  organization = {Universidade do Estado do Rio de Janeiro},
  org-short = {UERJ},
  title = {Normas de aplica{\c c}{\~a}o de logomarcas},
  url = {http://www.uerj.br/a-uerj/a-universidade/normas-de-aplicacao-de-logomarcas/},
  urlaccessdate = {16 jul. 2019},
  year = {2019},
}

@article{bib:roteiro,
  title={Roteiro para apresenta{\c{c}}{\~a}o das teses e disserta{\c{c}}{\~o}es da Universidade do Estado do Rio de Janeiro},
  author={DIB, Simone Faury and SILVA, Neusa Cardim da},
  journal={Rio de Janeiro: UERJ, Rede Sirius},
  year={2007},
 }
